<?xml version="1.0" encoding="UTF-8"?><collection xmlns="http://www.loc.gov/MARC21/slim"><record><leader>00296nam--2200121-i-4500</leader><controlfield tag="001">000049812</controlfield><controlfield tag="002">20161230</controlfield><controlfield tag="005">20161230201047</controlfield><controlfield tag="008">060222s1000------------r-----000-0-eng-d</controlfield><datafield ind1=" " ind2=" " tag="080"><subfield code="a">546.65</subfield></datafield><datafield ind1=" " ind2=" " tag="245"><subfield code="a">Arsenid galliia. sbornik statei</subfield></datafield><datafield ind1=" " ind2=" " tag="260"><subfield code="a">Momsk, Izd.Tomskogo Univ.,1968. 502 S</subfield></datafield><datafield ind1=" " ind2=" " tag="852"><subfield code="a">32788</subfield></datafield></record></collection>